% Encoding: UTF-8
@book {Hum,
    AUTHOR = {Humphreys, J.},
     TITLE = {Introduction to {L}ie algebras and representation theory},
    SERIES = {Graduate Texts in Mathematics, Vol. 9},
 PUBLISHER = {Springer-Verlag},
      YEAR = {1972},
     PAGES = {xii+169},
   MRCLASS = {17BXX},
  MRNUMBER = {0323842},
MRREVIEWER = {F. W. Lemire},
}



@article {Borbely,
    AUTHOR = {Borb\'{e}ly, A.},
     TITLE = {A note on the {D}irichlet problem at infinity for manifolds of
              negative curvature},
   JOURNAL = {Proc. Amer. Math. Soc.},
  FJOURNAL = {Proceedings of the American Mathematical Society},
    VOLUME = {114},
      YEAR = {1992},
    NUMBER = {3},
     PAGES = {865--872},
      ISSN = {0002-9939},
   MRCLASS = {58G20 (53C20 58G30)},
  MRNUMBER = {1069289},
MRREVIEWER = {Viktor Schroeder},
       DOI = {10.2307/2159417},
       URL = {https://doi.org/10.2307/2159417},
}

@article {Kap,
    AUTHOR = {Kapovich, M. and Leeb, B. and Porti, J.},
     TITLE = {Dynamics on flag manifolds: domains of proper discontinuity
              and cocompactness},
   JOURNAL = {Geom. Topol.},
  FJOURNAL = {Geometry \& Topology},
    VOLUME = {22},
      YEAR = {2018},
    NUMBER = {1},
     PAGES = {157--234},
      ISSN = {1465-3060},
   MRCLASS = {53C35 (22E40 37B05 51E24)},
  MRNUMBER = {3720343},
MRREVIEWER = {Gabriele Link},
       DOI = {10.2140/gt.2018.22.157},
       URL = {https://doi.org/10.2140/gt.2018.22.157},
}



@article {Clarke2,
    AUTHOR = {Clarke, B. and Rubinstein, Y.},
     TITLE = {Conformal deformations of the {E}bin metric and a generalized
              {C}alabi metric on the space of {R}iemannian metrics},
   JOURNAL = {Ann. Inst. H. Poincar\'{e} Anal. Non Lin\'{e}aire},
  FJOURNAL = {Annales de l'Institut Henri Poincar\'{e}. Analyse Non Lin\'{e}aire},
    VOLUME = {30},
      YEAR = {2013},
    NUMBER = {2},
     PAGES = {251--274},
      ISSN = {0294-1449},
   MRCLASS = {58D17 (53A30 58B20 58D25 58E11)},
  MRNUMBER = {3035976},
MRREVIEWER = {Nikolai K. Smolentsev},
       DOI = {10.1016/j.anihpc.2012.07.003},
       URL = {https://doi.org/10.1016/j.anihpc.2012.07.003},
}

@article {Clarke,
    AUTHOR = {Clarke, B.},
     TITLE = {The completion of the manifold of {R}iemannian metrics},
   JOURNAL = {J. Differential Geom.},
  FJOURNAL = {Journal of Differential Geometry},
    VOLUME = {93},
      YEAR = {2013},
    NUMBER = {2},
     PAGES = {203--268},
      ISSN = {0022-040X},
   MRCLASS = {58D17 (32G15 58B25 58D27 58E11)},
  MRNUMBER = {3024306},
MRREVIEWER = {Nikolai K. Smolentsev},
       URL = {http://projecteuclid.org/euclid.jdg/1361800866},
}
		

@article {Eberlein,
    AUTHOR = {Whitley, R.},
     TITLE = {An elementary proof of the {E}berlein-\v{S}mulian theorem},
   JOURNAL = {Math. Ann.},
  FJOURNAL = {Mathematische Annalen},
    VOLUME = {172},
      YEAR = {1967},
     PAGES = {116--118},
      ISSN = {0025-5831},
   MRCLASS = {46.10},
  MRNUMBER = {212548},
MRREVIEWER = {M. Rosenfeld},
       DOI = {10.1007/BF01350091},
       URL = {https://doi.org/10.1007/BF01350091},
}
		

@book {Engel,
    AUTHOR = {Engelking, R.},
     TITLE = {General topology},
    SERIES = {Sigma Series in Pure Mathematics},
    VOLUME = {6},
 PUBLISHER = {Heldermann Verlag, Berlin},
      YEAR = {1989},
     PAGES = {viii+529},
      ISBN = {3-88538-006-4},
   MRCLASS = {54-01 (54-02)},
  MRNUMBER = {1039321},
MRREVIEWER = {Gary Gruenhage},
}

@article {Darvas,
    AUTHOR = {Berman, R. and Darvas, T. and Lu, C.},
     TITLE = {Convexity of the extended {K}-energy and the large time
              behavior of the weak {C}alabi flow},
   JOURNAL = {Geom. Topol.},
  FJOURNAL = {Geometry \& Topology},
    VOLUME = {21},
      YEAR = {2017},
    NUMBER = {5},
     PAGES = {2945--2988},
      ISSN = {1465-3060},
   MRCLASS = {53C55 (32U05 32W20)},
  MRNUMBER = {3687111},
MRREVIEWER = {Chi Li},
       DOI = {10.2140/gt.2017.21.2945},
       URL = {https://doi.org/10.2140/gt.2017.21.2945},
}


@article {Monod,
    AUTHOR = {Monod, N.},
     TITLE = {Superrigidity for irreducible lattices and geometric
              splitting},
   JOURNAL = {J. Amer. Math. Soc.},
  FJOURNAL = {Journal of the American Mathematical Society},
    VOLUME = {19},
      YEAR = {2006},
    NUMBER = {4},
     PAGES = {781--814},
      ISSN = {0894-0347},
   MRCLASS = {22F05 (20F65 22E40 53C24)},
  MRNUMBER = {2219304},
MRREVIEWER = {David Michael Fisher},
       DOI = {10.1090/S0894-0347-06-00525-X},
       URL = {https://doi.org/10.1090/S0894-0347-06-00525-X},
}	
	
	
@article {Bac3,
    AUTHOR = {Bacak, M.},
     TITLE = {The proximal point algorithm in metric spaces},
   JOURNAL = {Israel J. Math.},
  FJOURNAL = {Israel Journal of Mathematics},
    VOLUME = {194},
      YEAR = {2013},
    NUMBER = {2},
     PAGES = {689--701},
      ISSN = {0021-2172},
   MRCLASS = {49J53 (90C25)},
  MRNUMBER = {3047087},
MRREVIEWER = {Francisco J. Arag\'{o}n Artacho},
       DOI = {10.1007/s11856-012-0091-3},
       URL = {https://doi.org/10.1007/s11856-012-0091-3},
}



@article {Kell,
    AUTHOR = {Kell, M.},
     TITLE = {Uniformly convex metric spaces},
   JOURNAL = {Anal. Geom. Metr. Spaces},
  FJOURNAL = {Analysis and Geometry in Metric Spaces},
    VOLUME = {2},
      YEAR = {2014},
    NUMBER = {1},
     PAGES = {359--380},
   MRCLASS = {54E35 (51F99 53C23)},
  MRNUMBER = {3290383},
MRREVIEWER = {Pavel D. Andreev},
       DOI = {10.2478/agms-2014-0015},
       URL = {https://doi.org/10.2478/agms-2014-0015},
}
		

@book {Bac4,
    AUTHOR = {Bacak, M.},
     TITLE = {Convex analysis and optimization in {H}adamard spaces},
 PUBLISHER = {De Gruyter, Berlin},
      YEAR = {2014},
     PAGES = {viii+185},
      ISBN = {978-3-11-036103-2; 978-3-11-036162-9},
   MRCLASS = {49-02 (49K27 60B99 60J10 90C25 90C48 92D15)},
  MRNUMBER = {3241330},
MRREVIEWER = {Simeon Reich},
       DOI = {10.1515/9783110361629},
       URL = {https://doi.org/10.1515/9783110361629},
}
		

@article {Jost,
    AUTHOR = {Jost, J.},
     TITLE = {Equilibrium maps between metric spaces},
   JOURNAL = {Calc. Var. Partial Differential Equations},
  FJOURNAL = {Calculus of Variations and Partial Differential Equations},
    VOLUME = {2},
      YEAR = {1994},
    NUMBER = {2},
     PAGES = {173--204},
      ISSN = {0944-2669},
   MRCLASS = {58E20 (58E99)},
  MRNUMBER = {1385525},
MRREVIEWER = {Yuan-Jen Chiang},
       DOI = {10.1007/BF01191341},
       URL = {https://doi.org/10.1007/BF01191341},
}
			
@article {Streets,
    AUTHOR = {Streets, J.},
     TITLE = {The consistency and convergence of {$K$}-energy minimizing
              movements},
   JOURNAL = {Trans. Amer. Math. Soc.},
  FJOURNAL = {Transactions of the American Mathematical Society},
    VOLUME = {368},
      YEAR = {2016},
    NUMBER = {7},
     PAGES = {5075--5091},
      ISSN = {0002-9947},
   MRCLASS = {53C44},
  MRNUMBER = {3456172},
MRREVIEWER = {Kai Zheng},
       DOI = {10.1090/tran/6508},
       URL = {https://doi.org/10.1090/tran/6508},
}		
		
		

@article {Anderson,
    AUTHOR = {Anderson, M.},
     TITLE = {The {D}irichlet problem at infinity for manifolds of negative
              curvature},
   JOURNAL = {J. Differential Geom.},
  FJOURNAL = {Journal of Differential Geometry},
    VOLUME = {18},
      YEAR = {1983},
    NUMBER = {4},
     PAGES = {701--721 (1984)},
      ISSN = {0022-040X},
   MRCLASS = {58G20 (53C20)},
  MRNUMBER = {730923},
MRREVIEWER = {A. Gray},
       URL = {http://projecteuclid.org/euclid.jdg/1214438178},
}

@article {Kramer,
    AUTHOR = {Kramer, L.},
     TITLE = {On the local structure and the homology of {${\rm
              CAT}(\kappa)$} spaces and {E}uclidean buildings},
   JOURNAL = {Adv. Geom.},
  FJOURNAL = {Advances in Geometry},
    VOLUME = {11},
      YEAR = {2011},
    NUMBER = {2},
     PAGES = {347--369},
      ISSN = {1615-715X},
   MRCLASS = {54C55 (51E24 57M50)},
  MRNUMBER = {2795430},
MRREVIEWER = {Pierre-Emmanuel Caprace},
       DOI = {10.1515/ADVGEOM.2010.049},
       URL = {https://doi.org/10.1515/ADVGEOM.2010.049},
}

@article{KS,
	Author = {Korevaar, N. and Schoen, R.},
	Fjournal = {Communications in Analysis and Geometry},
	Issn = {1019-8385},
	Journal = {Comm. Anal. Geom.},
	Mrclass = {58E20 (46E35)},
	Mrnumber = {1266480 (95b:58043)},
	Mrreviewer = {Guojun Liao},
	Number = {3-4},
	Pages = {561--659},
	Title = {Sobolev spaces and harmonic maps for metric space targets},
	Volume = {1},
	Year = {1993}}

@article {BKS,
    AUTHOR = {Bestvina, M. and Kleiner, B. and Sageev, M.},
     TITLE = {Quasiflats in {${\rm CAT}(0)$} 2-complexes},
   JOURNAL = {Algebr. Geom. Topol.},
  FJOURNAL = {Algebraic \& Geometric Topology},
    VOLUME = {16},
      YEAR = {2016},
    NUMBER = {5},
     PAGES = {2663--2676},
      ISSN = {1472-2747},
   MRCLASS = {20F65 (57M20)},
  MRNUMBER = {3572343},
MRREVIEWER = {Michael L. Mihalik},
       DOI = {10.2140/agt.2016.16.2663},
       URL = {https://doi.org/10.2140/agt.2016.16.2663},
}
@article {H,
    AUTHOR = {Huang, J.},
     TITLE = {Top-dimensional quasiflats in {$\rm CAT(0)$} cube complexes},
   JOURNAL = {Geom. Topol.},
  FJOURNAL = {Geometry \& Topology},
    VOLUME = {21},
      YEAR = {2017},
    NUMBER = {4},
     PAGES = {2281--2352},
      ISSN = {1465-3060},
   MRCLASS = {20F67 (20E42 20F36 20F65)},
  MRNUMBER = {3654109},
       DOI = {10.2140/gt.2017.21.2281},
       URL = {https://doi.org/10.2140/gt.2017.21.2281},
}
@article {Ricks,
    AUTHOR = {Ricks, R.},
     TITLE = {Closed subsets of a {CAT}(0) 2-complex are intrinsically {CAT}(0)},
   JOURNAL = {arXiv:1909.00048},
  FJOURNAL = {},
    VOLUME = {},
      YEAR = {2019},
    NUMBER = {},
     PAGES = {},
      ISSN = {},
   MRCLASS = {},
  MRNUMBER = {},
       DOI = {},
       URL = {},
}
 
@incollection {Obs,
    AUTHOR = {Devillanova, G. and Solimini, S. and Tintarev,
              C.},
     TITLE = {On weak convergence in metric spaces},
 BOOKTITLE = {Nonlinear analysis and optimization},
    SERIES = {Contemp. Math.},
    VOLUME = {659},
     PAGES = {43--63},
 PUBLISHER = {Amer. Math. Soc., Providence, RI},
      YEAR = {2016},
   MRCLASS = {54-01 (46B20 54A20)},
  MRNUMBER = {3472503},
       DOI = {10.1090/conm/659/13160},
       URL = {https://doi.org/10.1090/conm/659/13160},
}


@article {Kirk,
    AUTHOR = {Kirk, W. A. and Panyanak, B.},
     TITLE = {A concept of convergence in geodesic spaces},
   JOURNAL = {Nonlinear Anal.},
  FJOURNAL = {Nonlinear Analysis. Theory, Methods \& Applications. An
              International Multidisciplinary Journal},
    VOLUME = {68},
      YEAR = {2008},
    NUMBER = {12},
     PAGES = {3689--3696},
      ISSN = {0362-546X},
   MRCLASS = {54H25 (47H10 54E40)},
  MRNUMBER = {2416076},
MRREVIEWER = {Jes\'{u}s Garc\'{\i}a-Falset},
       DOI = {10.1016/j.na.2007.04.011},
       URL = {https://doi.org/10.1016/j.na.2007.04.011},
}
	


@article {Ricks_planar,
    AUTHOR = {Ricks, R.},
     TITLE = {Planar subspaces are intrinsically {CAT}(0)},
   JOURNAL = {arXiv:1001.2299 to appear in Tsukuba Journal of Mathematics},
  FJOURNAL = {},
    VOLUME = {},
      YEAR = {2020},
    NUMBER = {},
     PAGES = {},
      ISSN = {},
   MRCLASS = {},
  MRNUMBER = {},
       DOI = {},
       URL = {},
}


@article{LP,
	Author = {Lytchak, A. and Petrunin, A.},
	Fjournal = {},
	Issn = {},
	Journal = {arXiv:2002.09762, to appear in Proc. Amer. Math. Soc.},
	Mrclass = {},
	Mrnumber = {},
	Mrreviewer = {},
	Number = {},
	Pages = {},
	Title = {Short retractions of {CAT}(1) spaces},
	Volume = {},
	Year = {2020}}

	@article {LR,
    AUTHOR = {Leeb, B. and Ramos-Cuevas, C.},
     TITLE = {The center conjecture for spherical buildings of types {$F_4$}
              and {$E_6$}},
   JOURNAL = {Geom. Funct. Anal.},
  FJOURNAL = {Geometric and Functional Analysis},
    VOLUME = {21},
      YEAR = {2011},
    NUMBER = {3},
     PAGES = {525--559},
      ISSN = {1016-443X},
   MRCLASS = {51E24 (20E42 51K10)},
  MRNUMBER = {2810858},
MRREVIEWER = {Guy Rousseau},
       DOI = {10.1007/s00039-011-0118-7},
       URL = {https://doi.org/10.1007/s00039-011-0118-7},
}


@article {Ohta-2,
    AUTHOR = {Ohta, S.},
     TITLE = {Gradient flows on {W}asserstein spaces over compact
              {A}lexandrov spaces},
   JOURNAL = {Amer. J. Math.},
  FJOURNAL = {American Journal of Mathematics},
    VOLUME = {131},
      YEAR = {2009},
    NUMBER = {2},
     PAGES = {475--516},
      ISSN = {0002-9327},
   MRCLASS = {53C23 (49Q20)},
  MRNUMBER = {2503990},
MRREVIEWER = {C\'{e}dric Villani},
       DOI = {10.1353/ajm.0.0048},
       URL = {https://doi.org/10.1353/ajm.0.0048},
}
		

@article {Kendall,
    AUTHOR = {Kendall, W.},
     TITLE = {Convexity and the hemisphere},
   JOURNAL = {J. London Math. Soc. (2)},
  FJOURNAL = {Journal of the London Mathematical Society. Second Series},
    VOLUME = {43},
      YEAR = {1991},
    NUMBER = {3},
     PAGES = {567--576},
      ISSN = {0024-6107},
   MRCLASS = {58C05 (53C20 58G32)},
  MRNUMBER = {1113394},
MRREVIEWER = {Helmut Kaul},
       DOI = {10.1112/jlms/s2-43.3.567},
       URL = {https://doi.org/10.1112/jlms/s2-43.3.567},
}
		



@article {Yokota,
    AUTHOR = {Yokota, T.},
     TITLE = {Convex functions and barycenter on {CAT}(1)-spaces of small
              radii},
   JOURNAL = {J. Math. Soc. Japan},
  FJOURNAL = {Journal of the Mathematical Society of Japan},
    VOLUME = {68},
      YEAR = {2016},
    NUMBER = {3},
     PAGES = {1297--1323},
      ISSN = {0025-5645},
   MRCLASS = {53C23},
  MRNUMBER = {3523548},
MRREVIEWER = {Bo\.{z}ena Pi\polhk atek},
       DOI = {10.2969/jmsj/06831297},
       URL = {https://doi.org/10.2969/jmsj/06831297},
}


@article {Ishihara,
    AUTHOR = {Ishihara, T.},
     TITLE = {A mapping of {R}iemannian manifolds which preserves harmonic
              functions},
   JOURNAL = {J. Math. Kyoto Univ.},
  FJOURNAL = {Journal of Mathematics of Kyoto University},
    VOLUME = {19},
      YEAR = {1979},
    NUMBER = {2},
     PAGES = {215--229},
      ISSN = {0023-608X},
   MRCLASS = {58E20 (31C12)},
  MRNUMBER = {545705},
MRREVIEWER = {John C. Wood},
       DOI = {10.1215/kjm/1250522428},
       URL = {https://doi.org/10.1215/kjm/1250522428},
}


@article {Fuglede-reg,
    AUTHOR = {Fuglede, B.},
     TITLE = {Harmonic maps from {R}iemannian polyhedra to geodesic spaces
              with curvature bounded from above},
   JOURNAL = {Calc. Var. Partial Differential Equations},
  FJOURNAL = {Calculus of Variations and Partial Differential Equations},
    VOLUME = {31},
      YEAR = {2008},
    NUMBER = {1},
     PAGES = {99--136},
      ISSN = {0944-2669},
   MRCLASS = {58E20 (49N60 53C21)},
  MRNUMBER = {2342616},
MRREVIEWER = {Nageswari Shanmugalingam},
       DOI = {10.1007/s00526-007-0107-8},
       URL = {https://doi.org/10.1007/s00526-007-0107-8},
}
		


@article {Ohta,
    AUTHOR = {Ohta, S. and P\'{a}lfia, M.},
     TITLE = {Gradient flows and a {T}rotter-{K}ato formula of semi-convex
              functions on {${\rm CAT}(1)$}-spaces},
   JOURNAL = {Amer. J. Math.},
  FJOURNAL = {American Journal of Mathematics},
    VOLUME = {139},
      YEAR = {2017},
    NUMBER = {4},
     PAGES = {937--965},
      ISSN = {0002-9327},
   MRCLASS = {53D25 (53C23)},
  MRNUMBER = {3689321},
       DOI = {10.1353/ajm.2017.0025},
       URL = {https://doi.org/10.1353/ajm.2017.0025},
}
		
@article {Mese-curvature,
    AUTHOR = {Mese, C.},
     TITLE = {The curvature of minimal surfaces in singular spaces},
   JOURNAL = {Comm. Anal. Geom.},
  FJOURNAL = {Communications in Analysis and Geometry},
    VOLUME = {9},
      YEAR = {2001},
    NUMBER = {1},
     PAGES = {3--34},
      ISSN = {1019-8385},
   MRCLASS = {53A10},
  MRNUMBER = {1807950},
MRREVIEWER = {S\'{e}rgio J. Mendon\c{c}a},
       DOI = {10.4310/CAG.2001.v9.n1.a1},
       URL = {https://doi.org/10.4310/CAG.2001.v9.n1.a1},
}

@article {Mese-boundary,
    AUTHOR = {Mese, C.},
     TITLE = {Some properties of minimal surfaces in singular spaces},
   JOURNAL = {Trans. Amer. Math. Soc.},
  FJOURNAL = {Transactions of the American Mathematical Society},
    VOLUME = {352},
      YEAR = {2000},
    NUMBER = {9},
     PAGES = {3957--3969},
      ISSN = {0002-9947},
   MRCLASS = {58E12 (49Q05 53A10)},
  MRNUMBER = {1661254},
MRREVIEWER = {Fei-Tsen Liang},
       DOI = {10.1090/S0002-9947-00-02481-8},
       URL = {https://doi.org/10.1090/S0002-9947-00-02481-8},
}
		

@article {Mese-general,
    AUTHOR = {Daskalopoulos, G. and Mese, C.},
     TITLE = {Harmonic maps between singular spaces {I}},
   JOURNAL = {Comm. Anal. Geom.},
  FJOURNAL = {Communications in Analysis and Geometry},
    VOLUME = {18},
      YEAR = {2010},
    NUMBER = {2},
     PAGES = {257--337},
      ISSN = {1019-8385},
   MRCLASS = {58E20 (57Q05)},
  MRNUMBER = {2672235},
MRREVIEWER = {Alain Valette},
       DOI = {10.4310/CAG.2010.v18.n2.a2},
       URL = {https://doi.org/10.4310/CAG.2010.v18.n2.a2},
}


@article {Chen,
    AUTHOR = {Chen, J.},
     TITLE = {On energy minimizing mappings between and into singular
              spaces},
   JOURNAL = {Duke Math. J.},
  FJOURNAL = {Duke Mathematical Journal},
    VOLUME = {79},
      YEAR = {1995},
    NUMBER = {1},
     PAGES = {77--99},
      ISSN = {0012-7094},
   MRCLASS = {58E20},
  MRNUMBER = {1340295},
MRREVIEWER = {Caio J. C. Negreiros},
       DOI = {10.1215/S0012-7094-95-07903-4},
       URL = {https://doi.org/10.1215/S0012-7094-95-07903-4},
}
		
@article {LWcurv,
    AUTHOR = {Lytchak, A. and Wenger, S.},
     TITLE = {Isoperimetric characterization of upper curvature bounds},
   JOURNAL = {Acta Math.},
  FJOURNAL = {Acta Mathematica},
    VOLUME = {221},
      YEAR = {2018},
    NUMBER = {1},
     PAGES = {159--202},
      ISSN = {0001-5962},
   MRCLASS = {49Q05 (53C23)},
  MRNUMBER = {3877021},
MRREVIEWER = {Andrew Bucki},
       DOI = {10.4310/ACTA.2018.v221.n1.a5},
       URL = {https://doi.org/10.4310/ACTA.2018.v221.n1.a5},
}
		

@article {LWint,
    AUTHOR = {Lytchak, A. and Wenger, S.},
     TITLE = {Intrinsic structure of minimal discs in metric spaces},
   JOURNAL = {Geom. Topol.},
  FJOURNAL = {Geometry \& Topology},
    VOLUME = {22},
      YEAR = {2018},
    NUMBER = {1},
     PAGES = {591--644},
      ISSN = {1465-3060},
   MRCLASS = {49Q05 (53A10 53C23)},
  MRNUMBER = {3720351},
MRREVIEWER = {Andrew Bucki},
       DOI = {10.2140/gt.2018.22.591},
       URL = {https://doi.org/10.2140/gt.2018.22.591},
}
		
@article {LWPlateau,
    AUTHOR = {Lytchak, A. and Wenger, S.},
     TITLE = {Area minimizing discs in metric spaces},
   JOURNAL = {Arch. Ration. Mech. Anal.},
  FJOURNAL = {Archive for Rational Mechanics and Analysis},
    VOLUME = {223},
      YEAR = {2017},
    NUMBER = {3},
     PAGES = {1123--1182},
      ISSN = {0003-9527},
   MRCLASS = {49Q05},
  MRNUMBER = {3594354},
MRREVIEWER = {Giandomenico Orlandi},
       DOI = {10.1007/s00205-016-1054-3},
       URL = {https://doi.org/10.1007/s00205-016-1054-3},
}

@article {Mayer,
    AUTHOR = {Mayer, U.},
     TITLE = {Gradient flows on nonpositively curved metric spaces and
              harmonic maps},
   JOURNAL = {Comm. Anal. Geom.},
  FJOURNAL = {Communications in Analysis and Geometry},
    VOLUME = {6},
      YEAR = {1998},
    NUMBER = {2},
     PAGES = {199--253},
      ISSN = {1019-8385},
   MRCLASS = {58E20 (53C21)},
  MRNUMBER = {1651416},
MRREVIEWER = {Raul Quiroga-Barranco},
       DOI = {10.4310/CAG.1998.v6.n2.a1},
       URL = {https://doi.org/10.4310/CAG.1998.v6.n2.a1},
}

@book {AKP_inv,
    AUTHOR = {Alexander, S. and Kapovitch, V. and Petrunin,
              A.},
     TITLE = {An invitation to {A}lexandrov geometry},
    SERIES = {SpringerBriefs in Mathematics},
      YEAR = {2019},
     PAGES = {xii+88},
      ISBN = {978-3-030-05311-6; 978-3-030-05312-3},
   MRCLASS = {53C23 (51F99 53C20 53C45 53C70)},
  MRNUMBER = {3930625},
MRREVIEWER = {Loreno Heer},
       DOI = {10.1007/978-3-030-05312-3},
       URL = {https://doi.org/10.1007/978-3-030-05312-3},
}











@article {Berest2,
    AUTHOR = {Berestovskii, V.},
     TITLE = {Manifolds with an intrinsic metric with one-sided bounded
              curvature in the sense of {A}. {D}. {A}leksandrov},
   JOURNAL = {Mat. Fiz. Anal. Geom.},
  FJOURNAL = {Matematicheskaya Fizika, Analiz, Geometriya. Khar\cprime kovski\u\i \
              Matematicheski\u\i \ Zhurnal},
    VOLUME = {1},
      YEAR = {1994},
    NUMBER = {1},
     PAGES = {41--59},
      ISSN = {1027-1767},
   MRCLASS = {53C45},
  MRNUMBER = {1483797},
MRREVIEWER = {Z. N\'aden\'\i k},
}





@article {Berest3,
    AUTHOR = {Berestovskii, V.},
     TITLE = {A. {D}.\ {A}lexandrov's length manifolds with one-laterally
              bounded curvature},
   JOURNAL = {J. Math. Sci. (New York)},
  FJOURNAL = {Matematicheskaya Fizika, Analiz, Geometriya. Khar\cprime kovski\u\i \
              Matematicheski\u\i \ Zhurnal},
    VOLUME = {94},
      YEAR = {1999},
    NUMBER = {2},
     PAGES = {1145--1146},
      ISSN = {},
   MRCLASS = {},
  MRNUMBER = {},
MRREVIEWER = {},
}


@incollection {Berest6,
    AUTHOR = {Alexandrov, A. D. and Berestovskii, V.},
     TITLE = {Riemannian spaces, Generalized},
 BOOKTITLE = {Encyclopedia of Matehamitcs},
    SERIES = {},
    VOLUME = {8},
     PAGES = {150--152},
 PUBLISHER = {Kluwer Academic Publishers},
      YEAR = {1992},
   MRCLASS = {},
  MRNUMBER = {},
       DOI = {},
       URL = {},
}
		
















@incollection {Petruninsemi,
    AUTHOR = {Petrunin, A.},
     TITLE = {Semiconcave functions in {A}lexandrov's geometry},
 BOOKTITLE = {Surveys in differential geometry. {V}ol. {XI}},
     PAGES = {137--201},
 PUBLISHER = {Int. Press, Somerville, MA},
      YEAR = {2007},
   MRCLASS = {53C21 (53C20 53C45 58E05)},
  MRNUMBER = {2408266},
MRREVIEWER = {Jeremy Wong},
       URL = {https://doi.org/10.4310/SDG.2006.v11.n1.a6},
}


@book{HKST15,
	Author = {Heinonen, J. and Koskela, P. and Shanmugalingam, N. and Tyson, J.},
	Publisher = {Cambridge University Press, Cambridge},
	Series = {New Mathematical Monographs},
	Title = {Sobolev spaces on metric measure spaces},
	Volume = {27},
	Year = {2015}}



@book{Edgar,
	Author = {Edgar, G.},
	Publisher = {Springer Verlag},
	Series = {Undegraduate Texts in Mathematics},
	Title = {Measure, Topology, and Fractal Geometry},
	Year = {2008}}



@book{Evans,
	Author = {Evans, L. C. and Gariepy, R. F.},
	Date-Added = {2017-03-12 23:44:04 +0000},
	Date-Modified = {2017-05-12 17:39:51 +0000},
	Edition = {Revised},
	Isbn = {978-1-4822-4238-6},
	Mrclass = {28-01},
	Mrnumber = {3409135},
	Pages = {xiv+299},
	Publisher = {CRC Press, Boca Raton, FL},
	Series = {Textbooks in Mathematics},
	Title = {Measure theory and fine properties of functions},
	Year = {2015}}


@incollection {BuyaloSchr,
    AUTHOR = {Buyalo, S. and Schroeder, V.},
     TITLE = {Spaces of curvature bounded above},
 BOOKTITLE = {Surveys in differential geometry. {V}ol. {XI}},
     PAGES = {295-327},
 PUBLISHER = {Int. Press, Somerville, MA},
      YEAR = {2007},
   MRCLASS = {53C21 (53C20 53C45 58E05)},
  MRNUMBER = {2408266},
MRREVIEWER = {Jeremy Wong},
       URL = {https://doi.org/10.4310/SDG.2006.v11.n1.a6},
}

@article {Berest-path,
    AUTHOR = {Andreev, P. and Berestovskii , V. },
     TITLE = {Dimensions of {$\R$}-trees and self-similar fractal spaces
              of nonpositive curvature},
   JOURNAL = {Siberian Adv. Math.},
  FJOURNAL = {Siberian Advances in Mathematics},
    VOLUME = {17},
      YEAR = {2007},
    NUMBER = {2},
     PAGES = {79--90},
}

@article{BallmannBrin,
	Author = {Ballmann, W. and Brin, M.},
         Title = {Orbihedra of nonpositive curvature},
	Journal = {Inst. Hautes \'Etudes Sci. Publ. Math.},
	Volume = {82},
	Year={1995},
	Pages = {169--209},
}

@article {Kap-reg,
    AUTHOR = {Kapovitch, V.},
     TITLE = {Regularity of limits of noncollapsing sequences of manifolds},
   JOURNAL = {Geom. Funct. Anal.},
  FJOURNAL = {Geometric and Functional Analysis},
    VOLUME = {12},
      YEAR = {2002},
    NUMBER = {1},
     PAGES = {121--137},
      ISSN = {1016-443X},
   MRCLASS = {53C23 (53C21)},
  MRNUMBER = {1904560},
MRREVIEWER = {Janko Latschev},
       URL = {https://doi.org/10.1007/s00039-002-8240-1},
}





@article {LN1,
    AUTHOR = {Lytchak, A. and Nagano, K.},
     TITLE = {Geodesically complete spaces with an upper curvature bound},
   JOURNAL = {Geom. Funct. Anal.},
	PAGES = {295--342},
  FJOURNAL = {},
    VOLUME = {29},
      YEAR = {2019},
}



@article {LN2,
    AUTHOR = {Lytchak, A. and Nagano, K.},
     TITLE = {Topological regularity of spaces with an upper curvature bound},
   JOURNAL = {arXiv:1809.06183, to appear in J. Eur. Math. Soc. },
  FJOURNAL = {},
    VOLUME = {},
      YEAR = {2018},
}

@article {St,
    AUTHOR = {Stadler, S.},
     TITLE = {The structure of minimal surfaces in {CAT}(0) spaces},
   JOURNAL = {arXiv:1809.06183, to appear in J. Eur. Math. Soc. },
  FJOURNAL = {},
    VOLUME = {},
      YEAR = {2020},
}





@article {Mondino,
    AUTHOR = { Mondino, A. and Naber , A.},
     TITLE = {Structure theory of metric measure spaces  with lower {Ricci} curvature bounds},
   JOURNAL = {arXiv:1405.2222v3, to appear in J. Eur. Math. Soc.},
  FJOURNAL = {},
    VOLUME = {},
      YEAR = {2017},
}



@article {BL,
    AUTHOR = {Balser, A. and Lytchak, A.},
     TITLE = {Building-like spaces},
   JOURNAL = {J. Math. Kyoto Univ.},
  FJOURNAL = {Journal of Mathematics of Kyoto University},
    VOLUME = {46},
      YEAR = {2006},
    NUMBER = {4},
     PAGES = {789--804},
      ISSN = {0023-608X},
   MRCLASS = {53C23},
  MRNUMBER = {2320351},
MRREVIEWER = {Koichi Nagano},
       DOI = {10.1215/kjm/1250281604},
       URL = {https://doi.org/10.1215/kjm/1250281604},
}
		
@article {KleinerLeeb1,
    AUTHOR = {Kleiner, B. and Leeb, B.},
     TITLE = {Rigidity of quasi-isometries for symmetric spaces and
              {E}uclidean buildings},
   JOURNAL = {Inst. Hautes \'{E}tudes Sci. Publ. Math.},
  FJOURNAL = {Institut des Hautes \'{E}tudes Scientifiques. Publications
              Math\'{e}matiques},
    VOLUME = {86},
      YEAR = {1997},
     PAGES = {115--197 (1998)},
      ISSN = {0073-8301},
   MRCLASS = {53C35 (20E42 20F32 53C23 57M07)},
  MRNUMBER = {1608566},
MRREVIEWER = {Lee Mosher},
       URL = {http://www.numdam.org/item?id=PMIHES_1997__86__115_0},
}
@article {KleinerLeeb,
    AUTHOR = {Kleiner, B. and Leeb, B.},
     TITLE = {Rigidity of invariant convex sets in symmetric spaces},
   JOURNAL = {Invent. Math.},
  FJOURNAL = {Inventiones Mathematicae},
    VOLUME = {163},
      YEAR = {2006},
    NUMBER = {3},
     PAGES = {657--676},
      ISSN = {0020-9910},
   MRCLASS = {53C24 (22E40 53C35 57M07)},
  MRNUMBER = {2207236},
MRREVIEWER = {David Michael Fisher},
       DOI = {10.1007/s00222-005-0471-y},
       URL = {https://doi.org/10.1007/s00222-005-0471-y},
}
		




@article {Ancona,
    AUTHOR = {Ancona, A.},
     TITLE = {Convexity at infinity and {B}rownian motion on manifolds with
              unbounded negative curvature},
   JOURNAL = {Rev. Mat. Iberoamericana},
  FJOURNAL = {Revista Matem\'{a}tica Iberoamericana},
    VOLUME = {10},
      YEAR = {1994},
    NUMBER = {1},
     PAGES = {189--220},
      ISSN = {0213-2230},
   MRCLASS = {58G32 (60J65)},
  MRNUMBER = {1271762},
MRREVIEWER = {Ming Liao},
       DOI = {10.4171/RMI/150},
       URL = {https://doi.org/10.4171/RMI/150},
}


@article {Schwer,
    AUTHOR = {Schwer, P.},
     TITLE = {Lecture notes on {CAT(0)} cube complexes},
   JOURNAL = {https://arxiv.org/pdf/1910.06815},
  FJOURNAL = {},
    VOLUME = {},
      YEAR = {2019},
}



@article {Kirchheim,
    AUTHOR = {Ambrosio, L. and Kirchheim, B.},
     TITLE = {Rectifiable sets in metric and {B}anach spaces},
   JOURNAL = {Math. Ann.},
  FJOURNAL = {Mathematische Annalen},
    VOLUME = {318},
      YEAR = {2000},
    NUMBER = {3},
     PAGES = {527--555},
      ISSN = {0025-5831},
   MRCLASS = {28A75 (46G99 46T99 49Q20)},
  MRNUMBER = {1800768},
MRREVIEWER = {Piotr Haj\AA asz},
       DOI = {10.1007/s002080000122},
       URL = {http://dx.doi.org/10.1007/s002080000122},
}
@article {Kirch,
    AUTHOR = {Kirchheim, B.},
     TITLE = {Rectifiable metric spaces: local structure and regularity of
              the {H}ausdorff measure},
   JOURNAL = {Proc. Amer. Math. Soc.},
  FJOURNAL = {Proceedings of the American Mathematical Society},
    VOLUME = {121},
      YEAR = {1994},
    NUMBER = {1},
     PAGES = {113--123},
      ISSN = {0002-9939},
   MRCLASS = {28A78},
  MRNUMBER = {1189747},
MRREVIEWER = {G. Freilich},
       DOI = {10.2307/2160371},
       URL = {https://doi.org/10.2307/2160371},
}


@article {CM,
    AUTHOR = {Caprace, P. and Monod, N.},
     TITLE = {Isometry groups of non-positively curved spaces: discrete
              subgroups},
   JOURNAL = {J. Topol.},
  FJOURNAL = {Journal of Topology},
    VOLUME = {2},
      YEAR = {2009},
    NUMBER = {4},
     PAGES = {701--746},
      ISSN = {1753-8416},
   MRCLASS = {53C23 (20F67 22F30 53C21 53C24)},
  MRNUMBER = {2574741},
MRREVIEWER = {Anne Thomas},
       DOI = {10.1112/jtopol/jtp027},
       URL = {http://dx.doi.org/10.1112/jtopol/jtp027},
}
@article {AK,
    AUTHOR = {Ambrosio, L. and Kirchheim, B.},
     TITLE = {Currents in metric spaces},
   JOURNAL = {Acta Math.},
  FJOURNAL = {Acta Mathematica},
    VOLUME = {185},
      YEAR = {2000},
    NUMBER = {1},
     PAGES = {1--80},
      ISSN = {0001-5962},
   MRCLASS = {49Q15 (49Q20)},
  MRNUMBER = {1794185},
MRREVIEWER = {Giovanni Bellettini},
       DOI = {10.1007/BF02392711},
       URL = {https://doi.org/10.1007/BF02392711},
}


@article {KK,
    AUTHOR = { Kapovitch, V.  and   Ketterer, C.},
     TITLE = {{CD} meets {CAT}},
		  JOURNAL = { arXiv:1712.02839},
  YEAR = {2017},
}	


@article {LS,
    AUTHOR = {Lytchak, Al. and Stadler, S.},
     TITLE = {Conformal deformations of {CAT(0)} spaces},
   JOURNAL = {Math. Ann.},
  FJOURNAL = {Mathematische Annalen},
    VOLUME = {373},
      YEAR = {2019},
    NUMBER = {1-2},
     PAGES = {155--163},
      ISSN = {0025-5831},
   MRCLASS = {53C23 (53C20 58E20)},
  MRNUMBER = {3968869},
       DOI = {10.1007/s00208-018-1703-y},
       URL = {https://doi.org/10.1007/s00208-018-1703-y},
}
	
@article {uniform,
    AUTHOR = {Mazzeo, R. and Taylor, M.},
     TITLE = {Curvature and uniformization},
   JOURNAL = {Israel J. Math.},
  FJOURNAL = {Israel Journal of Mathematics},
    VOLUME = {130},
      YEAR = {2002},
     PAGES = {323--346},
      ISSN = {0021-2172},
   MRCLASS = {30F10 (30D45 35J60 53A30)},
  MRNUMBER = {1919383},
MRREVIEWER = {Yoichi Imayoshi},
       DOI = {10.1007/BF02764082},
       URL = {https://doi.org/10.1007/BF02764082},
}




@article {Fuglede,
    AUTHOR = {Fuglede, B.},
     TITLE = {The {D}irichlet problem for harmonic maps from {R}iemannian
              polyhedra to spaces of upper bounded curvature},
   JOURNAL = {Trans. Amer. Math. Soc.},
  FJOURNAL = {Transactions of the American Mathematical Society},
    VOLUME = {357},
      YEAR = {2005},
    NUMBER = {2},
     PAGES = {757--792},
      ISSN = {0002-9947},
   MRCLASS = {58E20 (49N60)},
  MRNUMBER = {2095630},
MRREVIEWER = {Mario Bonk},
       DOI = {10.1090/S0002-9947-04-03498-1},
       URL = {https://doi.org/10.1090/S0002-9947-04-03498-1},
}
		
		


@article {Genevois,
    AUTHOR = {A. Genevois and A. Stocker},
     TITLE = {Barely {$CAT(-1)$} groups are cylindrically hyperbolic},
		  JOURNAL = { arXiv:1712.04736},
  YEAR = {2017}
}	

@article {P3,
    AUTHOR = {G. Perelman},
     TITLE = {{DC}-structures on {Alexandrov} spaces},
		  JOURNAL = {preprint, preliminary version},
  YEAR = {1994}
}





@book {AR,
    AUTHOR = {Alexandrov, A. D. and Reshetnyak, Yu. G.},
     TITLE = {General theory of irregular curves},
    SERIES = {Mathematics and its Applications (Soviet Series)},
    VOLUME = {29},
      NOTE = {Translated from the Russian by L. Ya. Yuzina},
 PUBLISHER = {Kluwer Academic Publishers Group, Dordrecht},
      YEAR = {1989},
     PAGES = {x+288},
      ISBN = {90-277-2811-9},
   MRCLASS = {53A04},
  MRNUMBER = {1117220},
MRREVIEWER = {W. J. Firey},
       URL = {https://doi.org/10.1007/978-94-009-2591-5},
}

@article {Lbuild,
    AUTHOR = {Lytchak, A.},
     TITLE = {Rigidity of spherical buildings and joins},
   JOURNAL = {Geom. Funct. Anal.},
  FJOURNAL = {Geometric and Functional Analysis},
    VOLUME = {15},
      YEAR = {2005},
    NUMBER = {3},
     PAGES = {720--752},
      ISSN = {1016-443X},
     CODEN = {GFANFB},
   MRCLASS = {53C24},
  MRNUMBER = {2221148},
MRREVIEWER = {Koichi Nagano},
       DOI = {10.1007/s00039-005-0519-6},
       URL = {http://dx.doi.org/10.1007/s00039-005-0519-6},
}

@incollection {Reshetnyak-GeomIV,
    AUTHOR = {Reshetnyak, Yu. G.},
     TITLE = {Two-dimensional manifolds of bounded curvature},
 BOOKTITLE = {Geometry, {IV}},
    SERIES = {Encyclopaedia Math. Sci.},
    VOLUME = {70},
     PAGES = {3--163},
 PUBLISHER = {Springer, Berlin},
      YEAR = {1993},
   MRCLASS = {53C20 (53C21)},
  MRNUMBER = {1263964},
       DOI = {10.1007/978-3-662-02897-1_1},
       URL = {http://dx.doi.org/10.1007/978-3-662-02897-1_1},
}

@article {BB,
    AUTHOR = {Burago, Yu. D. and Buyalo, S. V.},
     TITLE = {Metrics with upper-bounded curvature on {$2$}-polyhedra. {II}},
   JOURNAL = {Algebra i Analiz},
  FJOURNAL = {Rossi\u\i skaya Akademiya Nauk. Algebra i Analiz},
    VOLUME = {10},
      YEAR = {1998},
    NUMBER = {4},
     PAGES = {62--112},
      ISSN = {0234-0852},
   MRCLASS = {53C45},
  MRNUMBER = {1654071},
MRREVIEWER = {Vladimir G. Tkachev},
}
	

@article {OS,
    AUTHOR = {Otsu, Y. and Shioya, T.},
     TITLE = {The {R}iemannian structure of {A}lexandrov spaces},
   JOURNAL = {J. Differential Geom.},
  FJOURNAL = {Journal of Differential Geometry},
    VOLUME = {39},
      YEAR = {1994},
    NUMBER = {3},
     PAGES = {629--658},
      ISSN = {0022-040X},
     CODEN = {JDGEAS},
   MRCLASS = {53C23 (53C20)},
  MRNUMBER = {1274133},
MRREVIEWER = {Zhongmin Shen},
       URL = {http://projecteuclid.org/euclid.jdg/1214455075},
}






@article {Otsu,
    AUTHOR = {Y. Otsu and H. Tanoue},
     TITLE = {The {Riemannian} structure of {Alexandrov} spaces
with curvature bounded above},
		  JOURNAL = {preprint},
  YEAR = {1999}
}

@article {P2,
    AUTHOR = {G. Perelman},
     TITLE = {{A. D. Alexandrov} spaces with curvature bounded below {II}},
		  JOURNAL = {preprint},
  YEAR = {1991}
}

@article {Mese-Breiner-regular,
    AUTHOR = { Breiner, C. and Fraser, A. and   Huang, L. and   Mese, C. and  Sargent, P. and  Zhang, Y.},
     TITLE = {Regularity of harmonic maps from polyhedra  to $CAT(1)$ spaces},
		  JOURNAL = {arXiv: 1610.07829},
  YEAR = {2016}
}
@article {LaSch_kirsz,
    AUTHOR = {Lang, U. and Schroeder, V.},
     TITLE = {Kirszbraun's theorem and metric spaces of bounded curvature},
   JOURNAL = {Geom. Funct. Anal.},
  FJOURNAL = {Geometric and Functional Analysis},
    VOLUME = {7},
      YEAR = {1997},
    NUMBER = {3},
     PAGES = {535--560},
      ISSN = {1016-443X},
   MRCLASS = {53C23},
  MRNUMBER = {1466337},
MRREVIEWER = {Zhongmin Shen},
       DOI = {10.1007/s000390050018},
       URL = {https://doi.org/10.1007/s000390050018},
}
@inproceedings {AKP_kirsz,
    AUTHOR = {Alexander, S. and Kapovitch, V. and Petrunin,
              A.},
     TITLE = {Alexandrov meets {K}irszbraun},
 BOOKTITLE = {Proceedings of the {G}\"{o}kova {G}eometry-{T}opology {C}onference
              2010},
     PAGES = {88--109},
      YEAR = {2011},
   MRCLASS = {53C23},
  MRNUMBER = {2931882},
MRREVIEWER = {Koichi Nagano},
}
@article {CCZ,
    AUTHOR = {Cannon, J. W. and Conner, G. R. and Zastrow, Andreas},
     TITLE = {One-dimensional sets and planar sets are aspherical},
   JOURNAL = {Topology Appl.},
    VOLUME = {120},
      YEAR = {2002},
    NUMBER = {1-2},
     PAGES = {23--45},
      ISSN = {0166-8641},
   MRCLASS = {57N05 (55M99 55Q52 57N75)},
  MRNUMBER = {1895481},
MRREVIEWER = {Leonard R. Rubin},
       DOI = {10.1016/S0166-8641(01)00005-0},
       URL = {https://doi.org/10.1016/S0166-8641(01)00005-0},
}

@article {Bac,
    AUTHOR = {M. Bacak},
     TITLE = {Old and new challenges in Hadamard spaces},
		  JOURNAL = {arXiv: 1807.013551},
  YEAR = {2018}
}

@article {Bauschke,
    AUTHOR = {Bauschke, H. H.},
     TITLE = {The composition of projections onto closed convex sets in
              {H}ilbert space is asymptotically regular},
   JOURNAL = {Proc. Amer. Math. Soc.},
  FJOURNAL = {Proceedings of the American Mathematical Society},
    VOLUME = {131},
      YEAR = {2003},
    NUMBER = {1},
     PAGES = {141--146},
      ISSN = {0002-9939},
   MRCLASS = {47H09 (46C05 47H05 90C25)},
  MRNUMBER = {1929033},
MRREVIEWER = {Simeon Reich},
       DOI = {10.1090/S0002-9939-02-06528-0},
       URL = {https://doi.org/10.1090/S0002-9939-02-06528-0},
}

@article {asymptotic,
    AUTHOR = {Ariza-Ruiz, D. and L\'{o}pez-Acedo, G. and Nicolae,
              A.},
     TITLE = {The asymptotic behavior of the composition of firmly
              nonexpansive mappings},
   JOURNAL = {J. Optim. Theory Appl.},
  FJOURNAL = {Journal of Optimization Theory and Applications},
    VOLUME = {167},
      YEAR = {2015},
    NUMBER = {2},
     PAGES = {409--429},
      ISSN = {0022-3239},
   MRCLASS = {47H09 (49M27 53C23)},
  MRNUMBER = {3412444},
MRREVIEWER = {Bo\.{z}ena Pi\polhk atek},
       DOI = {10.1007/s10957-015-0710-3},
       URL = {https://doi.org/10.1007/s10957-015-0710-3},
}
@article {Kohlenbach,
    AUTHOR = {Kohlenbach, U.},
     TITLE = {A polynomial rate of asymptotic regularity for compositions of
              projections in {H}ilbert space},
   JOURNAL = {Found. Comput. Math.},
  FJOURNAL = {Foundations of Computational Mathematics. The Journal of the
              Society for the Foundations of Computational Mathematics},
    VOLUME = {19},
      YEAR = {2019},
    NUMBER = {1},
     PAGES = {83--99},
      ISSN = {1615-3375},
   MRCLASS = {47H05 (03F10 47H09)},
  MRNUMBER = {3913873},
MRREVIEWER = {Mihai Turinici},
       DOI = {10.1007/s10208-018-9377-0},
       URL = {https://doi.org/10.1007/s10208-018-9377-0},
}



@article {Berest,
    AUTHOR = {Berestovskii, V. },
     TITLE = {Borsuk's problem on metrization of a polyhedron},
   JOURNAL = {Dokl. Akad. Nauk SSSR},
  FJOURNAL = {Doklady Akademii Nauk SSSR},
    VOLUME = {268},
      YEAR = {1983},
    NUMBER = {2},
     PAGES = {273--277},
      ISSN = {0002-3264},
   MRCLASS = {51K99 (51M20 54E35)},
  MRNUMBER = {688238},
MRREVIEWER = {H. H. Wicke},
}


@article {Ontaneda,
    AUTHOR = {Ontaneda, P.},
     TITLE = {Cocompact {CAT}(0) spaces are almost geodesically complete},
   JOURNAL = {Topology},
  FJOURNAL = {Topology. An International Journal of Mathematics},
    VOLUME = {44},
      YEAR = {2005},
    NUMBER = {1},
     PAGES = {47--62},
      ISSN = {0040-9383},
     CODEN = {TPLGAF},
   MRCLASS = {57M07 (53C22)},
  MRNUMBER = {2104000},
MRREVIEWER = {Craig R. Guilbault},
       DOI = {10.1016/j.top.2004.01.010},
       URL = {http://dx.doi.org/10.1016/j.top.2004.01.010},
}


@article {sieben,
    AUTHOR = {Siebenmann, L. C.},
     TITLE = {Deformation of homeomorphisms on stratified sets. {I}, {II}},
   JOURNAL = {Comment. Math. Helv.},
  FJOURNAL = {Commentarii Mathematici Helvetici},
    VOLUME = {47},
      YEAR = {1972},
     PAGES = {123--136; ibid. 47 (1972), 137--163},
      ISSN = {0010-2571},
   MRCLASS = {57A35 (57D30)},
  MRNUMBER = {0319207},
MRREVIEWER = {R. C. Kirby},
}


@article {BGP,
    AUTHOR = {Burago, Yu. and Gromov, M. and Perelman, G.},
     TITLE = {A. {D}. {A}leksandrov spaces with curvatures bounded below},
   JOURNAL = {Uspekhi Mat. Nauk},
  FJOURNAL = {Rossi\u\i skaya Akademiya Nauk. Moskovskoe Matematicheskoe
              Obshchestvo. Uspekhi Matematicheskikh Nauk},
    VOLUME = {47},
      YEAR = {1992},
    NUMBER = {2(284)},
     PAGES = {3--51, 222},
      ISSN = {0042-1316},
   MRCLASS = {53C21 (53C23)},
  MRNUMBER = {1185284},
MRREVIEWER = {Tadeusz Januszkiewicz},
       DOI = {10.1070/RM1992v047n02ABEH000877},
       URL = {http://dx.doi.org/10.1070/RM1992v047n02ABEH000877},
}
@article {G_filling,
    AUTHOR = {Gromov, M.},
     TITLE = {Filling {R}iemannian manifolds},
   JOURNAL = {J. Differential Geom.},
  FJOURNAL = {Journal of Differential Geometry},
    VOLUME = {18},
      YEAR = {1983},
    NUMBER = {1},
     PAGES = {1--147},
      ISSN = {0022-040X},
   MRCLASS = {53C20 (53C21 57R99)},
  MRNUMBER = {697984},
MRREVIEWER = {Yu. Burago},
       URL = {http://projecteuclid.org/euclid.jdg/1214509283},
}

@book {BH,
    AUTHOR = {Bridson, M. and Haefliger, A.},
     TITLE = {Metric spaces of non-positive curvature},
 PUBLISHER = {Springer-Verlag, Berlin},
      YEAR = {1999},
     PAGES = {xxii+643},
      ISBN = {3-540-64324-9},
   MRCLASS = {53C23 (20F65 53C70 57M07)},
  MRNUMBER = {1744486},
MRREVIEWER = {Athanase Papadopoulos},
       DOI = {10.1007/978-3-662-12494-9},
       URL = {http://dx.doi.org/10.1007/978-3-662-12494-9},
}

@article {Bac2,
    AUTHOR = {Ba\v{c}\'{a}k, M. and Searston, I. and Sims, B.},
     TITLE = {Alternating projections in {$\rm CAT(0)$} spaces},
   JOURNAL = {J. Math. Anal. Appl.},
  FJOURNAL = {Journal of Mathematical Analysis and Applications},
    VOLUME = {385},
      YEAR = {2012},
    NUMBER = {2},
     PAGES = {599--607},
      ISSN = {0022-247X},
   MRCLASS = {47A46 (52A07 54H25 65J15 90C48)},
  MRNUMBER = {2834837},
MRREVIEWER = {Patrick L. Combettes},
       DOI = {10.1016/j.jmaa.2011.06.079},
       URL = {https://doi.org/10.1016/j.jmaa.2011.06.079},
}





@book{ballmannbook,
    AUTHOR = {Ballmann, W.},
     TITLE = {Lectures on spaces of nonpositive curvature},
    SERIES = {DMV Seminar},
    VOLUME = {25},
      NOTE = {With an appendix by Misha Brin},
 PUBLISHER = {Birkh\"auser Verlag, Basel},
      YEAR = {1995},
     PAGES = {viii+112},
      ISBN = {3-7643-5242-6},
   MRCLASS = {53C21 (58F17)},
  MRNUMBER = {1377265},
MRREVIEWER = {Boris Hasselblatt},
       DOI = {10.1007/978-3-0348-9240-7},
       URL = {http://dx.doi.org/10.1007/978-3-0348-9240-7},
}

@article {LWcan,
    AUTHOR = {Lytchak, A. and Wenger, S.},
     TITLE = {Canonical parameterizations of metric disks},
   JOURNAL = {Duke Math. J.},
  FJOURNAL = {Duke Mathematical Journal},
    VOLUME = {169},
      YEAR = {2020},
    NUMBER = {4},
     PAGES = {761--797},
      ISSN = {0012-7094},
   MRCLASS = {30L10 (30C65 49Q05 58E20)},
  MRNUMBER = {4073230},
       DOI = {10.1215/00127094-2019-0065},
       URL = {https://doi.org/10.1215/00127094-2019-0065},
}


@article {Kleiner,
    AUTHOR = {B. Kleiner},
     TITLE = {The local structure of spaces with curvature bounded above},
   JOURNAL = {Math. Z.},
  FJOURNAL = {},
    VOLUME = {231},
      YEAR = {1999},
    NUMBER = {},
     PAGES = {409-456},
      ISSN = {},
     CODEN = {},
   MRCLASS = {},
  MRNUMBER = {},
MRREVIEWER = {},
}

@article {Resh-majorization,
    AUTHOR = {Y. Reshetnyak},
     TITLE = {Non-expanding maps in a space of curvature no greater than $K$},
   JOURNAL = {Siberian Math. J.},
  FJOURNAL = {},
    VOLUME = {9},
      YEAR = {1968},
    NUMBER = {},
     PAGES = {918-927},
      ISSN = {},
     CODEN = {},
   MRCLASS = {},
  MRNUMBER = {},
MRREVIEWER = {},
}



@book{Wilder,
      AUTHOR = {Wilder, R. L.},
     TITLE = {Topology of {M}anifolds},
    SERIES = {American Mathematical Society Colloquium Publications, vol.
              32},
 PUBLISHER = {American Mathematical Society, New York, N. Y.},
      YEAR = {1949},
     PAGES = {ix+402},
   MRCLASS = {56.0X},
  MRNUMBER = {0029491},
MRREVIEWER = {E. G. Begle},
}

@book {Hu,
    AUTHOR = {S. Hu},
     TITLE = {Theory of retracts},
      YEAR = {1965},
    publisher = {Wayne State University Press, Detroit},
     PAGES = {},
      ISSN = {},
     CODEN = {},
   MRCLASS = {},
  MRNUMBER = {},
MRREVIEWER = {},
}


@article {eells,
    AUTHOR = {J. Eells  and N. Kuiper},
     TITLE = {Homotopy negligible subsets},
   JOURNAL = {Compositio Mathematica},
  FJOURNAL = {},
    VOLUME = {21},
      YEAR = {1969},
    NUMBER = {},
     PAGES = {155--161},
      ISSN = {},
     CODEN = {},
   MRCLASS = {},
  MRNUMBER = {},
MRREVIEWER = {},
}


@article {mitchel,
    AUTHOR = {W. Mitchel},
     TITLE = {Defining the boundary of a homology manifold},
   JOURNAL = {Proc. Amer. Math. Soc.},
  FJOURNAL = {},
    VOLUME = {110},
      YEAR = {1990},
    NUMBER = {},
     PAGES = {509-513},
      ISSN = {},
     CODEN = {},
   MRCLASS = {},
  MRNUMBER = {},
MRREVIEWER = {},
}

@article {Aleksandrov,
    AUTHOR = {Alexandrow, A. D.},
     TITLE = {\"{U}ber eine {V}erallgemeinerung der {R}iemannschen
              {G}eometrie},
   JOURNAL = {Schr. Forschungsinst. Math.},
    VOLUME = {1},
      YEAR = {1957},
     PAGES = {33--84},
   MRCLASS = {50.0X},
  MRNUMBER = {0087119},
MRREVIEWER = {H. Busemann},
}

@article {Linus,
    AUTHOR = {L. Kramer},
     TITLE = {On the local structure and homology of {$CAT(\kappa )$} spaces and buidlings},
   JOURNAL = {Advances in Geometry},
  FJOURNAL = {},
    VOLUME = {11},
      YEAR = {2011},
    NUMBER = {},
     PAGES = {347-369},
      ISSN = {},
}




@article {Diff,
    AUTHOR = {A. Lytchak},
     TITLE = {Differentiation in metric spaces},
   JOURNAL = {Algebra i Analiz},
  FJOURNAL = {},
    VOLUME = {16},
      YEAR = {2004},
    NUMBER = {},
     PAGES = {128-161},
      ISSN = {},
     CODEN = {},
   MRCLASS = {},
  MRNUMBER = {},
MRREVIEWER = {},
}


@book {BBI,
    AUTHOR = {Burago, D. and Burago, Y. and Ivanov, S.},
     TITLE = {A course in metric geometry},
    SERIES = {Graduate Studies in Mathematics},
    VOLUME = {33},
 PUBLISHER = {American Mathematical Society, Providence, RI},
      YEAR = {2001},
     PAGES = {xiv+415},
      ISBN = {0-8218-2129-6},
   MRCLASS = {53C23},
  MRNUMBER = {1835418 (2002e:53053)},
MRREVIEWER = {Mario Bonk},
}
@article {PS,
    AUTHOR = {Petrunin, A. and Stadler, S.},
     TITLE = {Metric-minimizing surfaces revisited},
   JOURNAL = {Geom. Topol.},
  FJOURNAL = {Geometry \& Topology},
    VOLUME = {23},
      YEAR = {2019},
    NUMBER = {6},
     PAGES = {3111--3139},
      ISSN = {1465-3060},
   MRCLASS = {53C23 (30L05 53C43 53C45)},
  MRNUMBER = {4039186},
MRREVIEWER = {Fumiko Ohtsuka},
       DOI = {10.2140/gt.2019.23.3111},
       URL = {https://doi.org/10.2140/gt.2019.23.3111},
}



@book {AKP,
  doi = {10.48550/ARXIV.1903.08539},  
  url = {https://arxiv.org/abs/1903.08539},
  author = {Alexander, S. and Kapovitch, V. and Petrunin, A.},  
  keywords = {Differential Geometry (math.DG), Metric Geometry (math.MG), FOS: Mathematics, FOS: Mathematics, 53C23, 53C45, 30L99},  
  title = {Alexandrov geometry: foundations},
  publisher = {arXiv},
  year = {2019},
  copyright = {Creative Commons Attribution 4.0 International}
}



@article{Ballmann,
    AUTHOR = {W. Ballmann},
     TITLE = {On the geometry of metric spaces},
     JOURNAL= {Preprint, lecture notes,           http://people.mpim-bonn.mpg.de/hwbllmnn/archiv/sin40827.pdf},
  YEAR = {2004},
}


@article{Gigli,
    AUTHOR = {N. Gigli and F. Nobili},
     TITLE = {A differential perspective on {Gradient Flows} on {CAT}($\kappa$)-spaces and applications},
     JOURNAL= {arXiv: 2012.20952},
  YEAR = {2020},
}





@Comment{jabref-meta: databaseType:bibtex;}
